<record xmlns:xsi="http://www.w3.org/2001/XMLSchema-instance" xmlns="http://www.loc.gov/MARC21/slim" xsi:schemaLocation="http://www.loc.gov/MARC21/slim http://www.loc.gov/standards/marcxml/schema/MARC21slim.xsd">

  <leader>00822nam a2200217   4500</leader>
  <controlfield tag="008">151214b2012    c  ||||| |||| 00| | spa d</controlfield>
  <datafield ind2=" " ind1=" " tag="090">
    <subfield code="a">15.03.02 </subfield>
    <subfield code="b">1026 </subfield>
  </datafield>
  <datafield ind2=" " tag="100" ind1="1">
    <subfield code="9">1212</subfield>
    <subfield code="a">González Serrano, Sunny</subfield>
  </datafield>
  <datafield ind2=" " ind1=" " tag="245">
    <subfield code="a">El mundo cotidiano de la alimentación infantil en familias de estudiantes universitarios que tiene a sus hijos e hijas en la Casa Infantil Universitaria de la sede Rodrigo Facio /</subfield>
    <subfield code="c">Sunny González Serrano</subfield>
  </datafield>
  <datafield tag="260" ind1=" " ind2=" ">
    <subfield code="a">San José, Costa Rica :</subfield>
    <subfield code="b">INIE,</subfield>
    <subfield code="c">2012</subfield>
  </datafield>
  <datafield ind1=" " tag="300" ind2=" ">
    <subfield code="a">96 páginas</subfield>
  </datafield>
  <datafield ind2=" " tag="500" ind1=" ">
    <subfield code="a">Informe proyecto de investigación N° 724-B1-324</subfield>
  </datafield>
  <datafield ind2="4" tag="650" ind1="1">
    <subfield code="9">1213</subfield>
    <subfield code="a">ALIMENTACIÓN</subfield>
  </datafield>
  <datafield tag="650" ind1="1" ind2="4">
    <subfield code="9">59</subfield>
    <subfield code="a">NIÑOS</subfield>
  </datafield>
  <datafield tag="650" ind1="1" ind2="4">
    <subfield code="9">60</subfield>
    <subfield code="a">NIÑAS</subfield>
  </datafield>
  <datafield tag="650" ind1="1" ind2="4">
    <subfield code="9">404</subfield>
    <subfield code="a">FAMILIA</subfield>
  </datafield>
  <datafield tag="650" ind1="1" ind2="4">
    <subfield code="9">1214</subfield>
    <subfield code="a">CRIANZA DEL NIÑO</subfield>
  </datafield>
  <datafield ind2="4" ind1="1" tag="650">
    <subfield code="9">597</subfield>
    <subfield code="a">VIDA COTIDIANA</subfield>
  </datafield>
  <datafield ind2="4" tag="650" ind1="1">
    <subfield code="9">1215</subfield>
    <subfield code="a">CASA INFANTIL UNIVERSITARIA</subfield>
  </datafield>
  <datafield ind2=" " ind1=" " tag="942">
    <subfield code="2">z</subfield>
    <subfield code="c">04</subfield>
  </datafield>
  <datafield ind2=" " tag="999" ind1=" ">
    <subfield code="c">2972</subfield>
    <subfield code="d">2972</subfield>
  </datafield>
</record>